%% This BibTeX bibliography file was created using BibDesk.
%% http://bibdesk.sourceforge.net/

%% Created for Chao Wang at 2017-10-17 15:24:47 +0800 


%% Saved with string encoding Unicode (UTF-8) 



@book{susy_book,
	Author = {Muller-Kirsten, Harald J. W. and Wiedemann, Armin},
	Date-Added = {2017-10-17 07:19:06 +0000},
	Date-Modified = {2017-10-17 07:24:42 +0000},
	Publisher = {World Scientific},
	Title = {Introduction to Supersymmetry},
	Year = {2010}}

@article{Majorana_rule,
	Author = {Gates, Evalyn I. and Kowalski, Kenneth L.},
	Date-Added = {2017-09-23 08:10:29 +0000},
	Date-Modified = {2017-09-23 08:12:08 +0000},
	Journal = {Phys. Rev. D},
	Pages = {938},
	Title = {Majorana Feynman rules},
	Volume = {37},
	Year = {1988}}

@article{Kohn59,
	Author = {Kohn,W.},
	Journal = {Phys. Rev.},
	Number = {4},
	Title = {Analytic Properties of Bloch Waves and Wannier Functions},
	Volume = {115},
	Year = {1959}}

@article{Xu06,
	Author = {Xu, RJ and Dai, ZW},
	Journal = {J. Phys. B: At. Mol. Opt. Phys.},
	Number = {3221},
	Title = {Alternative mathematical technique to determine LS spectral terms},
	Volume = {39},
	Year = {2006}}

@article{BPST,
	Author = {Belavin, A. A. and Polyakov, A. M. and Schwartz, A. S. and Tyupkin, Yu. S.},
	Journal = {Phys. Lett. B},
	Number = {1},
	Title = {Pseudoparticle solutions of the Yang-Mills equations},
	Volume = {59},
	Year = {1975}}

@article{Shiba72,
	Author = {H. Shiba},
	Journal = {Prog. Theor. Phys.},
	Number = {2171},
	Title = {Thermodynamic Properties of the One-Dimensional Half-Filled-Band Hubbard Model.},
	Volume = {48},
	Year = {1972}}

@article{Varney09,
	Author = {Varney, C. N. and Lee, C.-R. and Bai, Z. J. and Chiesa, S. and Jarrell, M. and Scalettar, R. T.},
	Issue = {7},
	Journal = {Phys. Rev. B},
	Numpages = {8},
	Pages = {075116},
	Title = {Quantum Monte Carlo study of the two-dimensional fermion Hubbard model},
	Volume = {80},
	Year = {2009}}

@article{Cocchi16,
	Author = {Cocchi, Eugenio and Miller, Luke A. and Drewes, Jan H. and Koschorreck, Marco and Pertot, Daniel and Brennecke, Ferdinand and K\"ohl, Michael},
	Issue = {17},
	Journal = {Phys. Rev. Lett.},
	Numpages = {5},
	Pages = {175301},
	Title = {Equation of State of the Two-Dimensional Hubbard Model},
	Volume = {116},
	Year = {2016}}

@article{Wen06,
	Author = {Lee, Patrick A. and Nagaosa, Naoto and Wen, Xiao-Gang},
	Issue = {1},
	Journal = {Rev. Mod. Phys.},
	Month = {Jan},
	Numpages = {0},
	Pages = {17--85},
	Title = {Doping a Mott insulator: Physics of high-temperature superconductivity},
	Volume = {78},
	Year = {2006}}

@article{Fisher89,
	Author = {Fisher, Matthew P A and Weichman, Peter B. and Grinstein, G. and Fisher, Daniel S.},
	Doi = {10.1103/PhysRevB.40.546},
	Isbn = {9783540213918},
	Issn = {01631829},
	Journal = {Phys. Rev. B},
	Number = {1},
	Pages = {546--570},
	Pmid = {10007683},
	Title = {{Boson localization and the superfluid-insulator transition}},
	Volume = {40},
	Year = {1989},
	Bdsk-Url-1 = {http://dx.doi.org/10.1103/PhysRevB.40.546}}

@article{Kramers34,
	Author = {Kramers, H. A.},
	Journal = {Physica},
	Pages = {182--192},
	Title = {L'interaction Entre les Atomes Magn{\'e}tog{\`e}nes dans un Cristal Paramagn{\'e}tique},
	Volume = {1},
	Year = {1934}}

@article{Anderson50,
	Author = {Anderson, P. W.},
	Issue = {2},
	Journal = {Phys. Rev.},
	Month = {Jul},
	Numpages = {0},
	Pages = {350--356},
	Publisher = {American Physical Society},
	Title = {Antiferromagnetism. Theory of Superexchange Interaction},
	Volume = {79},
	Year = {1950}}

@article{Nagaoka66,
	Author = {Nagaoka, Yosuke},
	Issue = {1},
	Journal = {Phys. Rev.},
	Month = {Jul},
	Numpages = {0},
	Pages = {392--405},
	Publisher = {American Physical Society},
	Title = {Ferromagnetism in a Narrow, Almost Half-Filled $s$ Band},
	Volume = {147},
	Year = {1966}}

@article{Tasaki89,
	Author = {Tasaki, Hal},
	Issue = {13},
	Journal = {Phys. Rev. B},
	Month = {Nov},
	Numpages = {0},
	Pages = {9192--9193},
	Publisher = {American Physical Society},
	Title = {Extension of Nagaoka's theorem on the large- \textit{U} Hubbard model},
	Volume = {40},
	Year = {1989}}

@article{Kitaev06,
	Author = {Kitaev, A.},
	Doi = {10.1016/j.aop.2005.10.005},
	Eprint = {cond-mat/0506438},
	Journal = {Annals of Physics},
	Month = jan,
	Pages = {2-111},
	Title = {{Anyons in an exactly solved model and beyond}},
	Volume = 321,
	Year = 2006,
	Bdsk-Url-1 = {http://dx.doi.org/10.1016/j.aop.2005.10.005}}

@article{Kitaev01,
	Author = {Kitaev, A.},
	Doi = {10.1070/1063-7869/44/10S/S29},
	Eprint = {cond-mat/0010440},
	Journal = {Physics Uspekhi},
	Month = oct,
	Pages = {131},
	Title = {{Unpaired Majorana fermions in quantum wires}},
	Volume = 44,
	Year = 2001,
	Bdsk-Url-1 = {http://dx.doi.org/10.1070/1063-7869/44/10S/S29}}

@article{Lieb62,
	Author = {Lieb, Elliott and Mattis, Daniel},
	Journal = {Journal of Mathematical Physics},
	Number = {4},
	Pages = {749-751},
	Title = {Ordering Energy Levels of Interacting Spin Systems},
	Volume = {3},
	Year = {1962}}

@article{Kramers41,
	Author = {Kramers, H. A. and Wannier, G. H.},
	Doi = {10.1103/PhysRev.60.252},
	Issue = {3},
	Journal = {Phys. Rev.},
	Month = {Aug},
	Numpages = {0},
	Pages = {252--262},
	Publisher = {American Physical Society},
	Title = {Statistics of the Two-Dimensional Ferromagnet. Part I},
	Url = {http://link.aps.org/doi/10.1103/PhysRev.60.252},
	Volume = {60},
	Year = {1941},
	Bdsk-Url-1 = {http://link.aps.org/doi/10.1103/PhysRev.60.252},
	Bdsk-Url-2 = {http://dx.doi.org/10.1103/PhysRev.60.252}}

@article{Onsager44,
	Author = {Onsager, Lars},
	Doi = {10.1103/PhysRev.65.117},
	Issue = {3-4},
	Journal = {Phys. Rev.},
	Month = {Feb},
	Numpages = {0},
	Pages = {117--149},
	Publisher = {American Physical Society},
	Title = {Crystal Statistics. I. A Two-Dimensional Model with an Order-Disorder Transition},
	Url = {http://link.aps.org/doi/10.1103/PhysRev.65.117},
	Volume = {65},
	Year = {1944},
	Bdsk-Url-1 = {http://link.aps.org/doi/10.1103/PhysRev.65.117},
	Bdsk-Url-2 = {http://dx.doi.org/10.1103/PhysRev.65.117}}

@article{Yang52,
	Author = {Yang, C. N.},
	Doi = {10.1103/PhysRev.85.808},
	Issue = {5},
	Journal = {Phys. Rev.},
	Month = {Mar},
	Numpages = {0},
	Pages = {808--816},
	Publisher = {American Physical Society},
	Title = {The Spontaneous Magnetization of a Two-Dimensional Ising Model},
	Url = {http://link.aps.org/doi/10.1103/PhysRev.85.808},
	Volume = {85},
	Year = {1952},
	Bdsk-Url-1 = {http://link.aps.org/doi/10.1103/PhysRev.85.808},
	Bdsk-Url-2 = {http://dx.doi.org/10.1103/PhysRev.85.808}}

@article{Corboz13,
	Author = {Corboz, Philippe and Mila, Fr\'ed\'eric},
	Doi = {10.1103/PhysRevB.87.115144},
	Issue = {11},
	Journal = {Phys. Rev. B},
	Month = {Mar},
	Numpages = {10},
	Pages = {115144},
	Publisher = {American Physical Society},
	Title = {Tensor network study of the Shastry-Sutherland model in zero magnetic field},
	Url = {http://link.aps.org/doi/10.1103/PhysRevB.87.115144},
	Volume = {87},
	Year = {2013},
	Bdsk-Url-1 = {http://link.aps.org/doi/10.1103/PhysRevB.87.115144},
	Bdsk-Url-2 = {http://dx.doi.org/10.1103/PhysRevB.87.115144}}

@article{AKLT88,
	Author = {Affleck, Ian and Kennedy, Tom and Lieb, Elliott H. and Tasaki, Hal},
	Doi = {10.1007/BF01218021},
	Issn = {1432-0916},
	Journal = {Communications in Mathematical Physics},
	Number = {3},
	Pages = {477--528},
	Title = {Valence bond ground states in isotropic quantum antiferromagnets},
	Url = {http://dx.doi.org/10.1007/BF01218021},
	Volume = {115},
	Year = {1988},
	Bdsk-Url-1 = {http://dx.doi.org/10.1007/BF01218021}}

@article{Arovas88,
	Author = {Arovas, Daniel P. and Auerbach, Assa and Haldane, F. D. M.},
	Doi = {10.1103/PhysRevLett.60.531},
	Issue = {6},
	Journal = {Phys. Rev. Lett.},
	Month = {Feb},
	Numpages = {0},
	Pages = {531--534},
	Publisher = {American Physical Society},
	Title = {Extended Heisenberg models of antiferromagnetism: Analogies to the fractional quantum Hall effect},
	Url = {http://link.aps.org/doi/10.1103/PhysRevLett.60.531},
	Volume = {60},
	Year = {1988},
	Bdsk-Url-1 = {http://link.aps.org/doi/10.1103/PhysRevLett.60.531},
	Bdsk-Url-2 = {http://dx.doi.org/10.1103/PhysRevLett.60.531}}

@article{chayes89,
	Author = {Chayes, J. T. and Chayes, L. and Kivelson, S. A.},
	Fjournal = {Communications in Mathematical Physics},
	Journal = {Comm. Math. Phys.},
	Number = {1},
	Pages = {53--83},
	Publisher = {Springer},
	Title = {Valence bond ground states in a frustrated two-dimensional spin-$\frac12$ Heisenberg antiferromagnet},
	Url = {http://projecteuclid.org/euclid.cmp/1104178681},
	Volume = {123},
	Year = {1989},
	Bdsk-Url-1 = {http://projecteuclid.org/euclid.cmp/1104178681}}

@article{Seidel09,
	Author = {Seidel, Alexander},
	Doi = {10.1103/PhysRevB.80.165131},
	Issue = {16},
	Journal = {Phys. Rev. B},
	Month = {Oct},
	Numpages = {16},
	Pages = {165131},
	Publisher = {American Physical Society},
	Title = {Linear independence of nearest-neighbor valence-bond states on the kagome lattice and construction of $SU(2)$-invariant spin-$\frac{1}{2}$ Hamiltonian with a Sutherland-Rokhsar-Kivelson quantum liquid ground state},
	Url = {http://link.aps.org/doi/10.1103/PhysRevB.80.165131},
	Volume = {80},
	Year = {2009},
	Bdsk-Url-1 = {http://link.aps.org/doi/10.1103/PhysRevB.80.165131},
	Bdsk-Url-2 = {http://dx.doi.org/10.1103/PhysRevB.80.165131}}

@article{Kohmoto88,
	Author = {Kohmoto, Mahito and Shapir, Yonathan},
	Doi = {10.1103/PhysRevB.37.9439},
	Issue = {16},
	Journal = {Phys. Rev. B},
	Month = {Jun},
	Numpages = {0},
	Pages = {9439--9442},
	Publisher = {American Physical Society},
	Title = {Antiferromagnetic correlations of the resonating-valence-bond state},
	Url = {http://link.aps.org/doi/10.1103/PhysRevB.37.9439},
	Volume = {37},
	Year = {1988},
	Bdsk-Url-1 = {http://link.aps.org/doi/10.1103/PhysRevB.37.9439},
	Bdsk-Url-2 = {http://dx.doi.org/10.1103/PhysRevB.37.9439}}

@article{anderson73,
	Author = {Anderson, PHILIP W},
	Journal = {Materials Research Bulletin},
	Number = {2},
	Pages = {153--160},
	Publisher = {Elsevier},
	Title = {Resonating valence bonds: A new kind of insulator?},
	Volume = {8},
	Year = {1973}}
